@misc{wiki_MoSCoW, title={MoSCoW method},
author={Wikimedia Foundation},
url={https://en.wikipedia.org/wiki/MoSCoW_method}, 
journal={Wikipedia}, 
publisher={Wikimedia Foundation}, 
year={2019}, 
month={July},
note = "[Online; accessed 27-July-2019]"}

@misc{wiki_Fibonacci, title={Fibonacci number},
author={Wikimedia Foundation},
url={https://en.wikipedia.org/wiki/Fibonacci_number}, 
journal={Wikipedia}, 
publisher={Wikimedia Foundation}, 
year={2019}, 
month={July},
note = "[Online; accessed 27-July-2019]"}