@article{demo,
  title={Silver Ratio.},
  author={Wikimedia Foundation},
  journal={Wikipedia},
  year={2019},
  publisher={Wikimedia Foundation}
}